@article{Albertson1997,
  title={The irregularity of a graph},
  author={Albertson, Michael O},
  journal={Ars Combinatoria},
  volume={46},
  pages={219--225},
  year={1997},
  publisher={CHARLES BABBAGE RES CTR PO BOX 272 ST NORBERT POSTAL STATION, WINNIPEG MB R3T 2N2, CANADA}
}

@article{AllenEtAl2014,
 Author = {Allen, Peter and Keevash, Peter and Sudakov, Benny and Verstra{\"e}te, Jacques},
 Date-Modified = {2016-01-29 21:36:38 +0000},
 Journal = {Journal of Combinatorial Theory, Series B},
 Pages = {134--162},
 Publisher = {Elsevier},
 Title = {Tur{\'a}n numbers of bipartite graphs plus an odd cycle},
 Volume = {106},
 Year = {2014}
 }
	
@article{Alon1996,
 title={Bipartite subgraphs},
 author={Alon, Noga},
 journal={Combinatorica},
 volume={16},
 number={3},
 pages={301--311},
 year={1996},
 publisher={Springer}
}

	
@article{AlonChung1988,
 title={Explicit construction of linear sized tolerant networks},
 author={Alon, Noga and Chung, Fan RK},
 journal={Annals of Discrete Mathematics},
 volume={38},
 pages={15--19},
 year={1988},
 publisher={Elsevier}
}
	
	
@article{AlonErdos1985,
 title={An application of graph theory to additive number theory},
 author={Alon, Noga and Erd{\H{o}}s, Paul},
 journal={European Journal of Combinatorics},
 volume={6},
 number={3},
 pages={201--203},
 year={1985}
}

@article{AlonKrivelevichSudakov1999,
 Author = {Alon, Noga and Krivelevich, Michael and Sudakov, Benny},
 Journal = {Journal of Combinatorial Theory, Series B},
 Number = {1},
 Pages = {73--82},
 Publisher = {Elsevier},
 Title = {Coloring graphs with sparse neighborhoods},
 Volume = {77},
 Year = {1999}
}

@article{AlonRodl2005,
 Author = {Alon, Noga and R{\"o}dl, Vojt{\v{e}}ch},
 Journal = {Combinatorica},
 Number = {2},
 Pages = {125--141},
 Publisher = {Springer},
 Title = {Sharp bounds for some multicolor Ramsey numbers},
 Volume = {25},
 Year = {2005}
}
	
@book{AlonSpencer2000,
 title={The probabilistic method},
 author={Alon, Noga and Spencer, Joel H},
 year={2000},
 publisher={John Wiley \& Sons}
}

@article{AouchicheEtAl2008,
 Author = {Aouchiche, Mustapha and Bell, Francis K and Cvetkovi{\'c}, D and Hansen, Pierre and Rowlinson, Peter and Simi{\'c}, SK and Stevanovi{\'c}, D},
 Journal = {European Journal of Operational Research},
 Number = {3},
 Pages = {661--676},
 Publisher = {Elsevier},
 Title = {Variable neighborhood search for extremal graphs. 16. Some conjectures related to the largest eigenvalue of a graph},
 Volume = {191},
 Year = {2008}
}

@article{BabaiGuiduli2009,
 title={Spectral extrema for graphs: the Zarankiewicz problem},
 author={Babai, L{\'a}szl{\'o} and Guiduli, Barry},
 journal={The Electronic Journal of Combinatorics},
 volume={16},
 number={1},
 pages={R123},
 year={2009}
}

@article{BachratySiran2014,
 Author = {Bachrat{\`y}, Martin and {\v{S}}ir{\'a}{\v{n}}, Jozef},
 Journal = {Ars Mathematica Contemporanea},
 Number = {1},
 Title = {Polarity graphs revisited},
 Volume = {8},
 Year = {2014}
}

@article{BafnaPevzner1996,
  title={Genome rearrangements and sorting by reversals},
  author={Bafna, Vineet and Pevzner, Pavel A},
  journal={SIAM Journal on Computing},
  volume={25},
  number={2},
  pages={272--289},
  year={1996},
  publisher={SIAM}
}

@article{BalbuenaEtAl2011,
 Author = {Balbuena, Camino and Garc{\'\i}a-V{\'a}zquez, Pedro and Montejano, Luis Pedro},
 Journal = {Discrete Applied Mathematics},
 Number = {2},
 Pages = {91--99},
 Publisher = {Elsevier},
 Title = {Superconnectivity of graphs with odd girth g and even girth h},
 Volume = {159},
 Year = {2011}
}

@article{Bell1992,
 Author = {Bell, FK},
 Journal = {Linear Algebra and its Applications},
 Pages = {45--54},
 Publisher = {Elsevier},
 Title = {A note on the irregularity of graphs},
 Volume = {161},
 Year = {1992}
}
	
@book{Bollobas1998,
 title={Random graphs},
 author={Bollob{\'a}s, B{\'e}la},
 year={1998},
 publisher={Springer}
}

@article{BollobasLeeLetzter2016,
 title={Eigenvalues of subgraphs of the cube},
 author={Bollob{\'a}s, B{\'e}la and Lee, Jonathan and Letzter, Shoham},
 journal={arXiv preprint arXiv:1605.06360},
 year={2016}
}

@article{BollobasPikhurko2005,
 title={Integer sets with prescribed pairwise differences being distinct},
 author={Bollob{\'a}s, B{\'e}la and Pikhurko, Oleg},
 journal={European Journal of Combinatorics},
 volume={26},
 number={5},
 pages={607--616},
 year={2005},
 publisher={Elsevier}
}

@article{BollobasScott2002,
 title={Better bounds for max cut},
 author={Bollob{\'a}s, B\'ela and Scott, Alex D},
 journal={Contemporary combinatorics},
 volume={10},
 pages={185--246},
 year={2002},
 publisher={Springer}
}

@article{BonatoBurgess2013,
 Author = {Bonato, Anthony and Burgess, Andrea},
 Journal = {Journal of Combinatorial Designs},
 Number = {9},
 Pages = {404--418},
 Publisher = {Wiley Online Library},
 Title = {Cops and Robbers on graphs based on designs},
 Volume = {21},
 Year = {2013}
}	

@article{BootsRoyle1991,
 title={A conjecture on the maximum value of the principal eigenvalue of a planar graph},
 author={Boots, BN and Royle, Gordon F},
 journal={Geographical analysis},
 volume={23},
 number={3},
 pages={276--282},
 year={1991},
 publisher={Wiley Online Library}
}

@article{BrightwellWinkler1990,
 title={Maximum hitting time for random walks on graphs},
 author={Brightwell, Graham and Winkler, Peter},
 journal={Random Structures \& Algorithms},
 volume={1},
 number={3},
 pages={263--276},
 year={1990},
 publisher={Wiley Online Library}
}

@article{Brown1966,
 Author = {Brown, William G},
 Journal = {Canadian Mathematical Bulletin},
 Number = {2},
 Pages = {1--2},
 Title = {On graphs that do not contain a Thomsen graph},
 Volume = {9},
 Year = {1966}
}
	
@book{BrouwerCohenNeumaier1989,
 title={Distance-Regular Graphs},
 author={Brouwer, Andries E and Cohen, Arjeh M and Neumaier, Arnold},
 year={1989},
 publisher={Springer Verlag, Berlin, Heidelberg}
}

@article{BulteauEtAl2015,
 title={Pancake flipping is hard},
 author={Bulteau, Laurent and Fertin, Guillaume and Rusu, Irena},
 journal={Journal of Computer and System Sciences},
 volume={81},
 number={8},
 pages={1556--1574},
 year={2015},
 publisher={Elsevier}
}

@article{BurrErdosLovasz1976,
 title={On graphs of Ramsey type},
 author={Burr, Stefan A and Erd\H{o}s, Paul and Lov{\'a}sz, Laszlo},
 journal={Ars Combinatoria},
 volume={1},
 number={1},
 pages={167--190},
 year={1976}
}
	
@article{CaoVince1993,
 title={The spectral radius of a planar graph},
 author={Cao, Dasong and Vince, Andrew},
 journal={Linear Algebra and its Applications},
 volume={187},
 pages={251--257},
 year={1993},
 publisher={Elsevier}
}

@article{Cesi2009,
 title={Cayley graphs on the symmetric group generated by initial reversals have unit spectral gap},
 author={Cesi, Filippo},
 journal={arXiv preprint arXiv:0904.1800},
 year={2009}
}

@article{Chowla1944,
 title={Solution of a problem of Erdos and Tur{\'a}n in additive-number theory},
 author={Chowla, Sarvadaman},
 journal={Proceedings of the National Academy of Sciences, India Section A},
 volume={14},
 number={1-2},
 pages={5--4},
 year={1944}
}

@book{Chung1997,
 title={Spectral graph theory},
 author={Chung, Fan RK},
 volume={92},
 year={1997},
 publisher={American Mathematical Society}
}

@article{ChungGraham1991,
 title={Quasi-random set systems},
 author={Chung, Fan RK and Graham, Ronald L},
 journal={Journal of the American Mathematical Society},
 volume={4},
 number={1},
 pages={151--196},
 year={1991},
 publisher={JSTOR}
}

@article{ChungGraham1975,
 title={On multicolor Ramsey numbers for complete bipartite graphs},
 author={Chung, Fan RK and Graham, Ronald L},
 journal={Journal of Combinatorial Theory, Series B},
 volume={18},
 number={2},
 pages={164--169},
 year={1975},
 publisher={Elsevier}
}

@article{ChitturiEtAl2009,
 title={An (18/11) n upper bound for sorting by prefix reversals},
 author={Chitturi, Bhadrachalam and Fahle, William and Meng, Zhaobing and Morales, Linda and Shields, Charles O and Sudborough, Ivan Hal and Voit, Walter},
 journal={Theoretical Computer Science},
 volume={410},
 number={36},
 pages={3372--3390},
 year={2009},
 publisher={Elsevier}
}

@article{ChungYau1998,
 title={Coverings, heat kernels and spanning trees},
 author={Chung, Fan and Yau, Shing-Tung},
 journal={Journal of Combinatorics},
 volume={6},
 pages={163--184},
 year={1998}
}

@article{Cilleruelo1990,
 title={{{$B_2$}}-sequences whose terms are squares}, 
 author={Cilleruelo, Javier},
 journal={Acta Arithmetica},
 volume={55},
 number={3},
 pages={261--265},
 year={1990},
 publisher={Institute of Mathematics Polish Academy of Sciences}
}

@article{CioabaGregory2007,
 Author = {Cioaba, Sebastian M and Gregory, David A},
 Journal = {Electronic Journal of Linear Algebra},
 Pages = {366--379},
 Title = {Principal eigenvectors of irregular graphs},
 Volume = {16},
 Year = {2007}
}
	
@article{CvetkovicRowlinson1990,
 title={The largest eigenvalue of a graph: A survey},
 author={Cvetkovi{\'c}, Dragi{\v{s}}a and Rowlinson, Peter},
 journal={Linear and multilinear algebra},
 volume={28},
 number={1-2},
 pages={3--33},
 year={1990},
 publisher={Taylor \& Francis}
}

@article{DvorakMohar2010,
 title={Spectral radius of finite and infinite planar graphs and of graphs of bounded genus},
 author={Dvo{\v{r}}{\'a}k, Zden{\v{e}}k and Mohar, Bojan},
 journal={Journal of Combinatorial Theory, Series B},
 volume={100},
 number={6},
 pages={729--739},
 year={2010},
 publisher={Elsevier}
}

@article{Dweighter1975,
 title={Problem E2569},
 author={Dweighter, Harry},
 journal={American Mathematical Monthly},
 volume={82},
 number={10},
 year={1975}
}

@article{EllinghamZha2000,
 title={The spectral radius of graphs on surfaces},
 author={Ellingham, Mark N and Zha, Xiaoya},
 journal={Journal of Combinatorial Theory, Series B},
 volume={78},
 number={1},
 pages={45--56},
 ear={2000},
 publisher={Elsevier}
}

@article{Erdos1946,
 title={On sets of distances of $n$ points},
 author={Erd{\H{o}}s, Paul},
 journal={The American Mathematical Monthly},
 volume={53},
 number={5},
 pages={248--250},
 year={1946},
 publisher={JSTOR}
}

@article{Erdos1975,
 title={Problems and results in graph theory and combinatorial analysis},
 author={Erd{\H{o}}s, Paul},
 journal={Proceedings of the Fifth British Combinatorial Conference},
 pages={169--192},
 year={1975}
}

@article{ErdosEtAl1988,
 title={How to make a graph bipartite},
 author={Erd{\H{o}}s, Paul and Faudree, Ralph and Pach, J{\'a}nos and Spencer, Joel},
 journal={Journal of Combinatorial Theory, Series B},
 volume={45},
 number={1},
 pages={86--98},
 year={1988},
 publisher={Elsevier}
}

@article{ErdosRenyiSos1966,
 Author = {Erd{\H{o}}s, Paul and R{\'e}nyi, Alfr\'ed and S{\'o}s, Vera T},
 Journal = {Studia Scientiarum Mathematicarum Hungarica},
 Pages = {215--235},
 Title = {On a problem of graph theory},
 Volume = {1},
 Year = {1966}
}

@misc{ErdosSimonovits1984,
 Author = {Erd{\H{o}}s, Paul and Simonovits, Mikl\'os},
 Publisher = {Academic Press, Toronto},
 Title = {Cube-saturated graphs and related problems, Progress in graph theory (Waterloo, Ont., 1982), 203-218},
 Year = {1984}
}
	
@article{FavaronMaheoSacle1993,
 title={Some eigenvalue properties in graphs (conjectures of Graffiti?II)},
 author={Favaron, Odile and Mah{\'e}o, Maryvonne and Sacl{\'e}, J-F},
 journal={Discrete Mathematics},
 volume={111},
 number={1},
 pages={197--220},
 year={1993},
 publisher={Elsevier}
}

@article{FirkeEtAl2013,
 Author = {Firke, Frank A and Kosek, Peter M and Nash, Evan D and Williford, Jason},
 Journal = {Journal of Combinatorial Theory, Series B},
 Number = {3},
 Pages = {327--336},
 Publisher = {Elsevier},
 Title = {Extremal graphs without 4-cycles},
 Volume = {103},
 Year = {2013}
}

@article{FlattoEtAl1985,
 title={Random shuffles and group representations},
 author={Flatto, Leopold and Odlyzko, Andrew M and Wales, DB},
 journal={The Annals of Probability},
 pages={154--178},
 year={1985},
 publisher={JSTOR}
}

@article{Friedman2000,
 title={On Cayley graphs on the symmetric group generated by tranpositions},
 author={Friedman, Joel},
 journal={Combinatorica},
 volume={20},
 number={4},
 pages={505--519},
 year={2000},
 publisher={Springer}
}

@article{Furedi1983,
 Author = {F{\"u}redi, Zolt{\'a}n},
 Journal = {Journal of Combinatorial Theory, Series B},
 Number = {2},
 Pages = {187--190},
 Publisher = {Elsevier},
 Title = {Graphs without quadrilaterals},
 Volume = {34},
 Year = {1983}
}
%!!!!!!!!!!!!!!!!!!!!!!!!!!!!!!!!!!!!!!!!!!!!!!!!!!!!!!!!!!!!!!!!!!!!!!!!!!!!!!!!!!!!!!!!!!!!!!!!!!!!!!!!!!!!!!!!!!!!!!!!!!!!!!!!!!!!!!!!!!!!!!!!!!!!!!!!!!!!!!!!!!!!!!!!!!
@article{Furedi1994,
 Author = {F{\"u}redi, Zolt\'an},
 Journal = {Proceedings of the Japan Workshop on Graph Theory and Combinatorics, Keio University, Yokohama, Japan},
 Pages = {13--22},
 Title = {Quadrilateral-free graphs with maximum number of edges},
 Year = {1994}
}

@article{Furedi1996,
 Author = {F{\"u}redi, Zolt{\'a}n},
 Journal = {Journal of Combinatorial Theory, Series B},
 Number = {1},
 Pages = {1--6},
 Publisher = {Elsevier},
 Title = {On the number of edges of quadrilateral-free graphs},
 Volume = {68},
 Year = {1996}
}

@incollection{FurediSimonovits2013,
 Author = {F{\"u}redi, Zolt{\'a}n and Simonovits, Mikl{\'o}s},
 Booktitle = {Erd{\H{o}}s Centennial},
 Pages = {169--264},
 Publisher = {Springer},
 Title = {The history of degenerate (bipartite) extremal graph problems},
 Year = {2013}
}
	
@article{Garaev2008,
 title={The sum-product estimate for large subsets of prime fields},
 author={Garaev, Moubariz Z},
 journal={Proceedings of the American Mathematical Society},
 volume={136},
 number={8},
 pages={2735--2739},
 year={2008}
}

@article{GatesPapadimitriou1979,
 title={Bounds for sorting by prefix reversal},
 author={Gates, William H and Papadimitriou, Christos H},
 journal={Discrete Mathematics},
 volume={27},
 number={1},
 pages={47--57},
 year={1979},
 publisher={Elsevier}
}

@article{GodsilNewman2008,
 Author = {Godsil, Chris D and Newman, Mike W},
 Journal = {Journal of Combinatorial Theory, Series B},
 Number = {4},
 Pages = {721--734},
 Publisher = {Elsevier},
 Title = {Eigenvalue bounds for independent sets},
 Volume = {98},
 Year = {2008}
}

@book{GodsilRoyle2013,
 title={Algebraic graph theory},
 author={Godsil, Chris and Royle, Gordon F},
 volume={207},
 year={2013},
 publisher={Springer Science \& Business Media}
}

@phdthesis{Guiduli1996,
 author={Guiduli, B.D.},
 title={Spectral Extrema for Graphs},
 school={University of Chicago},
 year={1996}
}

@article{GunnellsEtAl2007,
 title={On certain integral Schreier graphs of the symmetric group},
 author={Gunnells, Paul E and Scott, Richard A and Walden, Byron L},
 journal={Electron. J. Combin},
 volume={14},
 number={1},
 year={2007}
}
	
@article{GuthKatz2015,
 title={On the Erd{\H{o}}s distinct distances problem in the plane},
 author={Guth, Larry and Katz, Nets Hawk},
 journal={Annals of Mathematics},
 volume={181},
 number={1},
 pages={155--190},
 year={2015},
 publisher={Princeton University, Department of Mathematics}
}		

@article{Hannenhalli1996,
 title={Polynomial-time algorithm for computing translocation distance between genomes},
 author={Hannenhalli, Sridhar},
 journal={Discrete applied mathematics},
 volume={71},
 number={1-3},
 pages={137--151},
 year={1996},
 publisher={Elsevier}
}

@book{HansenMelot2002,
 title={Variable neighborhood search for extremal graphs 9: Bounding the irregularity of a graph},
 author={Hansen, Pierre and M{\'e}lot, Hadrien and Groupe d'{\'e}tudes et de recherche en analyse des d{\'e}cisions},
 year={2002},
 publisher={Montr{\'e}al: Groupe d'{\'e}tudes et de recherche en analyse des d{\'e}cisions}
}

@article{HeydariSudborough1997,
 title={On the diameter of the pancake network},
 author={Heydari, Mohammad H and Sudborough, I Hal},
 journal={Journal of Algorithms},
 volume={25},
 number={1},
 pages={67--94},
 year={1997},
 publisher={Elsevier}
}

@article{Hong1995,
 title={On the spectral radius and the genus of graphs},
 author={Yuan, Hong},
 journal={Journal of Combinatorial Theory, Series B},
 volume={65},
 number={2},
 pages={262--268},
 year={1995},
 publisher={Elsevier}
}

@article{Hong1998,
 title={Upper bounds of the spectral radius of graphs in terms of genus},
 author={Yuan, Hong},
 journal={Journal of Combinatorial Theory, Series B},
 volume={74},
 number={2},
 pages={153--159},
 year={1998},
 publisher={Elsevier}
}

@article{Hong1988,
 title={A bound on the spectral radius of graphs},
 author={Yuan, Hong},
 journal={Linear Algebra and its Applications},
 volume={108},
 pages={135--139},
 year={1988},
 publisher={Elsevier}
}

@book{HughesPiper1973,
 Author = {Hughes, Daniel R and Piper, Frederick Charles},
 Date-Modified = {2016-01-29 22:58:43 +0000},
 Publisher = {Springer},
 Title = {Projective planes},
 Volume = {6},
 Year = {1973}
}

@article{KangPerarnau2015,
 title={Decomposition of bounded degree graphs into {$C_4$}-free subgraphs},
 author={Kang, Ross J and Perarnau, Guillem},
 journal={European Journal of Combinatorics},
 volume={44},
 pages={99--105},
 year={2015},
 publisher={Elsevier}
}

@article{Kassabov2007,
 title={Symmetric groups and expander graphs},
 author={Kassabov, Martin},
 journal={Inventiones mathematicae},
 volume={170},
 number={2},
 pages={327--354},
 year={2007},
 publisher={Springer}
}

@article{KececiogluSankoff1995,
 title={Exact and approximation algorithms for sorting by reversals, with application to genome rearrangement},
 author={Kececioglu, John and Sankoff, David},
 journal={Algorithmica},
 volume={13},
 number={1},
 pages={180--210},
 year={1995},
 publisher={Springer}
}

@article{KinnersleyMilansWest2012,
 title={Degree Ramsey numbers of graphs},
 author={Kinnersley, William B and Milans, Kevin G and West, Douglas B},
 journal={Combinatorics, Probability and Computing},
 volume={21},
 number={1-2},
 pages={229--253},
 year={2012},
 publisher={Cambridge Univ Press}
}

@inproceedings{KovariSosTuran1954,
 Author = {K\H{o}v{\'a}ri, Tam{\'a}s and S{\'o}s, Vera and Tur{\'a}n, P{\'a}l},
 Booktitle = {Colloquium Mathematicae},
 Number = {3},
 Pages = {50--57},
 Title = {On a problem of {K. Zarankiewicz}},
 Volume = {1},
 Year = {1954}
}
	
@article{Keevash2011,
 title={Hypergraph {Tur{\'a}n} problems},
 author={Keevash, Peter},
 journal={Surveys in combinatorics},
 volume={392},
 pages={83--140},
 year={2011},
 publisher={Cambridge University Press Cambridge}
}

@article{KuhleitnerNowak2004,
 title={The average number of solutions of the Diophantine equation $U^2+V^2=W^3$ and related arithmetic functions},
 author={K{\"u}hleitner, Manfred and Nowak, Werner},
 journal={Acta Mathematica Hungarica},
 volume={104},
 number={3},
 pages={225--240},
 year={2004},
 publisher={Akad{\'e}miai Kiad{\'o}, co-published with Springer Science+ Business Media BV, Formerly Kluwer Academic Publishers BV}
}	

@article{Latham1995,
 Author = {Latham, Geoff A},
 Journal = {SIAM Journal on Matrix Analysis and Applications},
 Number = {1},
 Pages = {307--311},
 Publisher = {SIAM},
 Title = {A remark on Minc's maximal eigenvector bound for positive matrices},
 Volume = {16},
 Year = {1995}
}

@article{LiMeng2008,
 title={Reversals Cayley graphs of symmetric groups},
 author={Li, Rui and Meng, Jixiang},
 journal={Information Processing Letters},
 volume={109},
 number={2},
 pages={130--132},
 year={2008},
 publisher={Elsevier}
}

@article{LuLiuTian2006,
 title={A new upper bound for the spectral radius of graphs with girth at least $5$},
 author={Lu, Mei and Liu, Huiqing and Tian, Feng},
 journal={Linear Algebra and its Applications},
 volume={414},
 number={2},
 pages={512--516},
 year={2006},
 publisher={Elsevier}
}

@article{Lubotzky1995,
 title={Cayley graphs: eigenvalues, expanders and random walks},
 author={Lubotzky, Alexander},
 journal={London Mathematical Society Lecture Note Series},
 pages={155--190},
 year={1995},
 publisher={Cambridge University Press}
}

@article{LubotzkyPhillipsSarnak1988,
 title={Ramanujan graphs},
 author={Lubotzky, Alexander and Phillips, Ralph and Sarnak, Peter},
 journal={Combinatorica},
 volume={8},
 number={3},
 pages={261--277},
 year={1988},
 publisher={Springer}
}

@article{Mellinger2004,
 title={LDPC codes from triangle-free line sets},
 author={Mellinger, Keith E},
 journal={Designs, Codes and Cryptography},
 volume={32},
 number={1-3},
 pages={341--350},
 year={2004},
 publisher={Springer}
}

@article{Minc1970,
 Author = {Minc, Henryk},
 Journal = {SIAM Journal on Numerical Analysis},
 Number = {3},
 Pages = {424--427},
 Publisher = {SIAM},
 Title = {On the maximal eigenvector of a positive matrix},
 Volume = {7},
 Year = {1970}
}

@article{Murty2003,
 title={Ramanujan graphs},
 author={Murty, M Ram},
 journal={Journal-Ramanujan Mathematical Society},
 volume={18},
 number={1},
 pages={33--52},
 year={2003},
 publisher={The Ramanujan Mathematical Society}
}
	
@article{Nathanson2000,
 title={N-graphs, modular Sidon and sum-free sets, and partition identities},
 author={Nathanson, Melvyn B},
 journal={The Ramanujan Journal},
 volume={4},
 number={1},
 pages={59--67},
 year={2000},
 publisher={Springer}
}
	
@article{Nikiforov2002,
 title={Some inequalities for the largest eigenvalue of a graph},
 author={Nikiforov, Vladimir},
 journal={Combinatorics, Probability \& Computing},
 volume={11},
 number={02},
 pages={179--189},
 year={2002},
 publisher={Cambridge Univ Press}
}

@article{Nikiforov2006,
 Author = {Nikiforov, Vladimir},
 Journal = {Linear Algebra and its Applications},
 Number = {1},
 Pages = {347--360},
 Publisher = {Elsevier},
 Title = {Eigenvalues and degree deviation in graphs},
 Volume = {414},
 Year = {2006}
}

@article{nikiforov2007a,
 title={Bounds on graph eigenvalues I},
 author={Nikiforov, Vladimir},
 journal={Linear Algebra and its Applications},
 volume={420},
 number={2},
 pages={667--671},
 year={2007},
 publisher={Elsevier}
}
	
@article{Nikiforov2007,
 title={Bounds on graph eigenvalues II},
 author={Nikiforov, Vladimir},
 journal={Linear Algebra and its Applications},
 volume={427},
 number={2},
 pages={183--189},
 year={2007},
 publisher={Elsevier}
}

@article{Nikiforov2008,
 title={The {Moore} bound for Spectral Radius},
 author={Nikiforov, Vladimir},
 journal={arXiv preprint math/0701237},
 year={2008},
 publisher={Citeseer}
}

@article{Nikiforov2009,
 title={The maximum spectral radius of {$C_4$}-free graphs of given order and size},
 author={Nikiforov, Vladimir},
 journal={Linear Algebra and its Applications},
 volume={430},
 number={11},
 pages={2898--2905},
 year={2009},
 publisher={Elsevier}
}

@article{Nikiforov2009ESB,
 title={A spectral Erd{\H{o}}s--Stone--Bollob{\'a}s Theorem},
 author={Nikiforov, Vladimir},
 journal={Combinatorics, Probability and Computing},
 volume={18},
 number={03},
 pages={455--458},
 year={2009},
 publisher={Cambridge University Press}
}
	
@article{Nikiforov2010,
 title={A contribution to the {Zarankiewicz} problem},
 author={Nikiforov, Vladimir},
 journal={Linear Algebra and its Applications},
 volume={432},
 number={6},
 pages={1405--1411},
 year={2010},
 publisher={Elsevier}
}

@article{Nikiforov2011,
 title={Some new results in extremal graph theory},
 author={Nikiforov, Vladimir},
 journal={arXiv preprint arXiv:1107.1121},
 year={2011}
}

@article{Nilli1991,
 title={On the second eigenvalue of a graph},
 author={Nilli, A},
 journal={Discrete Mathematics},
 volume={91},
 number={2},
 pages={207--210},
 year={1991},
 publisher={Elsevier}
}

@MastersThesis{Nosal1970,
 title={Eigenvalues of graphs},
 author={Nosal, Eva},
 year={1970},
 School={University of Calgary}
}

@article{PapendieckRecht2000,
 Author = {Papendieck, Britta and Recht, Peter},
 Journal = {Linear Algebra and its Applications},
 Number = {1},
 Pages = {129--138},
 Publisher = {Elsevier},
 Title = {On maximal entries in the principal eigenvector of graphs},
 Volume = {310},
 Year = {2000}
}

@article{Parsons1976,
 Author = {Parsons, Torrence D},
 Journal = {Aequationes Mathematicae},
 Number = {1},
 Pages = {167--189},
 Publisher = {Springer},
 Title = {Graphs from projective planes},
 Volume = {14},
 Year = {1976}
}	

@article{Rowlinson1990,
 title={On the index of certain outerplanar graphs},
 author={Rowlinson, Peter},
 journal={Ars Combinatoria},
 volume={29},
 pages={221--225},
 year={1990},
}
		
@incollection{SchwenkWilson1978,
 author={Schwenk A. J. and Wilson, R. J.},
 title={On the eigenvalues of a graph},
 editor={Beineke, Lowell W and Wilson, Robin J},
 booktitle={Selected Topics in Graph Theory},
 chapter={11},
 pages={307--336},
 year={1978},
 publisher={Academic Press},
 address={London}
}

@article{Sidorenko1995,
 title={What we know and what we do not know about {Tur{\'a}n} numbers},
 author={Sidorenko, Alexander},
 journal={Graphs and Combinatorics},
 volume={11},
 number={2},
 pages={179--199},
 year={1995},
 publisher={Springer}
}

@article{Stanley1987,
 title={A bound on the spectral radius of graphs with $e$ edges},
 author={Stanley, Richard P},
 journal={Linear Algebra and its Applications},
 volume={87},
 pages={267--269},
 year={1987},
 publisher={Elsevier}
}

@article{Stinson2013,
 Author = {Stinson, Douglas R},
 Journal = {Discrete Mathematics},
 Number = {4},
 Pages = {447--452},
 Publisher = {Elsevier},
 Title = {Nonincident points and blocks in designs},
 Volume = {313},
 Year = {2013}
}
	
@article{Sudakov2007,
 title={Note making a {$K_4$}-free graph bipartite},
 author={Sudakov, Benny},
 journal={Combinatorica},
 volume={27},
 number={4},
 pages={509--518},
 year={2007},
 publisher={Springer}
}

@article{TaitTimmons2015b,
 title={Small dense subgraphs of polarity graphs and the extremal number for the $4$-cycle},
 author={Tait, Michael and Timmons, Craig},
 journal={Australasian Journal of Combinatorics},
 volume={63},
 number={1},
 pages={107--114},
 year={2015}
}

@article{TaitTimmons2014,
 Author = {Tait, Michael and Timmons, Craig},
 Journal = {Journal of Combinatorics},
 Number = {2},
 Title = {Sidon sets and graphs without $4$-cycles},
 Volume = {5},
 Year = {2014}
}

@article{TaitTobin2015,
 title={Characterizing graphs of maximum principal ratio},
 author={Tait, Michael and Tobin, Josh},
 journal={arXiv preprint arXiv:1511.06378},
 year={2015}
}

@article{TaitVerstraete2016,
 title={On sets of integers with restrictions on their products},
 author={Tait, Michael and Verstra{\"e}te, Jacques},
 journal={European Journal of Combinatorics},
 volume={51},
 pages={268--274},
 year={2016},
 publisher={Elsevier}
}
	
@article{Turan1941,
 title={On an extremal problem in graph theory},
 author={Tur{\'a}n, Paul},
 journal={Mat. Fiz. Lapok},
 volume={48},
 number={436-452},
 pages={137},
 year={1941}
}

@article{VanDamHaemers2003,
 Author = {Van Dam, Edwin R and Haemers, Willem H},
 Journal = {Linear Algebra and its applications},
 Pages = {241--272},
 Publisher = {Elsevier},
 Title = {Which graphs are determined by their spectrum?},
 Volume = {373},
 Year = {2003}
}

@article{WangZhai2012,
 title={Proof of a conjecture on the spectral radius of {$C_4$}-free graphs},
 author={Zhai, Mingqing and Wang, Bing},
 journal={Linear Algebra and its Applications},
 volume={437},
 number={7},
 pages={1641--1647},
 year={2012},
 publisher={Elsevier}
}

@article{Wilf1986,
 title={Spectral bounds for the clique and independence numbers of graphs},
 author={Wilf, Herbert S},
 journal={Journal of Combinatorial Theory, Series B},
 volume={40},
 number={1},
 pages={113--117},
 year={1986},
 publisher={Elsevier}
}

@article{Zhang2005,
 Author = {Zhang, Xiao-Dong},
 Journal = {Linear Algebra and its Applications},
 Pages = {79--86},
 Publisher = {Elsevier},
 Title = {Eigenvectors and eigenvalues of non-regular graphs},
 Volume = {409},
 Year = {2005}
}

@article{ZhouLinHu2001,
 title={Spectral radius of {Hamiltonian} planar graphs and outerplanar graphs},
 author={Zhou, Jian and Lin, Cuiqin and Hu, Guanzhang},
 journal={Tsinghua Science and Technology},
 volume={6},
 number={4},
 pages={350--354},
 year={2001},
 publisher={TUP}
}
